@inproceedings{DBLP:conf/ershov/GurevichS89,
  author    = {Yuri Gurevich and
               Saharon Shelah},
  title     = {Nearly Linear Time},
  booktitle = {Logic at Botik},
  year      = {1989},
  pages     = {108-118},
  ee        = {http://dx.doi.org/10.1007/3-540-51237-3_10},
  crossref  = {DBLP:conf/ershov/1989},
  bibsource = {DBLP, http://dblp.uni-trier.de}
}

@proceedings{DBLP:conf/ershov/1989,
  editor    = {Albert R. Meyer and
               Michael A. Taitslin},
  title     = {Logic at Botik '89, Symposium on Logical Foundations of
               Computer Science, Pereslav-Zalessky, USSR, July 3-8, 1989,
               Proceedings},
  booktitle = {Logic at Botik},
  publisher = {Springer},
  series    = {Lecture Notes in Computer Science},
  volume    = {363},
  year      = {1989},
  isbn      = {3-540-51237-3},
  bibsource = {DBLP, http://dblp.uni-trier.de}
}

@article{Schnorr:1978:SQC:322047.322060,
 author = {Schnorr, C. P.},
 title = {Satisfiability Is Quasilinear Complete in {NQL}},
 journal = {J. ACM},
 issue_date = {Jan. 1978},
 volume = {25},
 number = {1},
 month = jan,
 year = {1978},
 issn = {0004-5411},
 pages = {136--145},
 numpages = {10},
 url = {http://doi.acm.org/10.1145/322047.322060},
 doi = {10.1145/322047.322060},
 acmid = {322060},
 publisher = {ACM},
 address = {New York, NY, USA},
}
